% This file was created with JabRef 2.3.1.
% Encoding: Cp1252

@UNPUBLISHED{dh08:1,
  author = {{AG der Dillinger H�ttenwerke}},
  title = {{Projektgespr�ch bez�glich der Auffederung des Fertigger�stes}},
  month = feb,
  year = {{2008}}
}

@INPROCEEDINGS{Choregraphe5326209, 
author={E. Pot and J. Monceaux and R. Gelin and B. Maisonnier}, 
booktitle={RO-MAN 2009 - The 18th IEEE International Symposium on Robot and Human Interactive Communication}, 
title={Choregraphe: a graphical tool for humanoid robot programming}, 
year={2009}, 
volume={}, 
number={}, 
pages={46-51}, 
keywords={control engineering computing;humanoid robots;programming environments;robot programming;software tools;Choregraphe;graphical tool;humanoid robot programming;Aldebaran Robotics;Nao humanoid robot;software development;25 degrees of freedom robot;Cartesian motions;Python;Humanoid robots;Robot programming;Mobile robots;Human robot interaction;Programming environments;Prototypes;Microcomputers;Software tools;Software prototyping;Man machine systems}, 
doi={10.1109/ROMAN.2009.5326209}, 
ISSN={1944-9445}, 
month={Sept},}

@INPROCEEDINGS{Nao5152516, 
author={D. Gouaillier and V. Hugel and P. Blazevic and C. Kilner and J. Monceaux and P. Lafourcade and B. Marnier and J. Serre and B. Maisonnier}, 
booktitle={2009 IEEE International Conference on Robotics and Automation}, 
title={Mechatronic design of NAO humanoid}, 
year={2009}, 
volume={}, 
number={}, 
pages={769-774}, 
keywords={Mechatronics;Humanoid robots;Kinematics;Guidelines;Infrared sensors;Robotics and automation;Pelvis;Brushes;DC motors;Distributed computing}, 
doi={10.1109/ROBOT.2009.5152516}, 
ISSN={1050-4729}, 
month={May},}

@InProceedings{Grape,
author="Enderle, Stefan",
editor="Gottscheber, Achim
and Enderle, Stefan
and Obdrzalek, David",
title="Grape -- Graphical Robot Programming for Beginners",
booktitle="Research and Education in Robotics --- EUROBOT 2008",
year="2009",
publisher="Springer Berlin Heidelberg",
address="Berlin, Heidelberg",
pages="180--192",
abstract="Using robot kits for education in schools and universities, we found that there is a lack in tools for teaching the structures of an object oriented programming language. Thus, we decided to develop a graphical programming environment for the beginner, using procedural concepts together with given objects.",
isbn="978-3-642-03558-6"
}

@Article{Hirst2003,
author="Hirst, A. J.
and Johnson, J.
and Petre, M.
and Price, B. A.
and Richards, M.",
title="What is the best programming environment/language for teaching robotics using Lego Mindstorms?",
journal="Artificial Life and Robotics",
year="2003",
month="Sep",
day="01",
volume="7",
number="3",
pages="124--131",
abstract="We are in the process of producing a range of eductional materials to teach robotics to a variety of audiences using the LEGO Mindstorms Robotics Invention System. We briefly review the programming environments currently available, and consider how appropriate they are for each of our candidate audiences. There is the usual trade-off between ease of use and power. It is suggested that no single programming environment is suitable for all audiences. Instead, aprogression of environments from microworlds, through graphical programming environments, to textual languages seems to provide the best way to develop our teaching.",
issn="1614-7456",
doi="10.1007/BF02481160",
url="https://doi.org/10.1007/BF02481160"
}

@article{Ketterl_Jost_Leimbach_Budde_2015,
  title={Tema 2: Open Roberta - A Web Based Approach to Visually Program Real Educational Robots},
  volume={8},
  url={https://tidsskrift.dk/lom/article/view/22183},
  DOI={10.7146/lom.v8i14.22183},
  number={14},
  journal={Tidsskriftet Læring og Medier (LOM)},
  author={Ketterl, Markus and Jost, Beate and Leimbach, Thorsten and Budde, Reinhard},
  year={2015},
  month={dec.}
}

@INPROCEEDINGS{OpenRoberta, 
author={B. Jost and M. Ketterl and R. Budde and T. Leimbach}, 
booktitle={2014 IEEE International Symposium on Multimedia}, 
title={Graphical Programming Environments for Educational Robots: Open Roberta - Yet Another One?}, 
year={2014}, 
volume={}, 
number={}, 
pages={381-386}, 
keywords={cloud computing;computer aided instruction;computer science education;control engineering computing;control engineering education;educational robots;embedded systems;Open Roberta;school children;STEM professions;educational robots;intuitive programming environments;graphical programming environments;young robotics newbies;cloud technologies;Web technologies;embedded systems;communication concepts;commercial educational robot environments;Programming environments;Educational institutions;Educational robots;Programming profession;Software;graphical programming;visual programming;cloud computing;web 2.0;embedded systems;robotic;education;e-learning;web technology;roberta}, 
doi={10.1109/ISM.2014.24}, 
ISSN={}, 
month={Dec},}

@BOOK{LabView,
  title = {LabVIEW for Everyone: Graphical Programming Made Easy and Fun, 3rd Edition},
  publisher = {Prentice Hall Professional},
  year = {2007},
  author = {Jeffrey Travis and Jim Kring},
  ISBN = {0131856723}
}

@inproceedings{Sousa2012DataflowPC,
  title={Dataflow Programming Concept , Languages and Applications},
  author={Tiago Boldt Sousa},
  year={2012}
}

@ARTICLE{Grafcet, 
author={R. David}, 
journal={IEEE Transactions on Control Systems Technology}, 
title={Grafcet: a powerful tool for specification of logic controllers}, 
year={1995}, 
volume={3}, 
number={3}, 
pages={253-268}, 
keywords={programmable controllers;Petri nets;discrete event systems;Grafcet;logic controller specification tool;discrete-event system;programmable logic controllers;PLC;Petri nets;sequential function chart;SFC;classical-state table model;Control systems;Discrete event systems;Programmable control;Programmable logic arrays;Programmable logic devices;Chemical industry;Relays;Microprocessors;Food industry;Machinery production industries}, 
doi={10.1109/87.406973}, 
ISSN={1063-6536}, 
month={Sept},}

@techreport{ISO2382,
type = {Standard},
key = {ISO/IEC 2382:2015(en)},
month = may,
year = {2015},
title = {Information technology -- Vocabulary},
address = {Geneva, CH},
institution = {International Organization for Standardization}
}

@inproceedings{Sutherland:1963,
 author = {Sutherland, Ivan E.},
 title = {Sketchpad: A Man-machine Graphical Communication System},
 booktitle = {Proceedings of the May 21-23, 1963, Spring Joint Computer Conference},
 series = {AFIPS '63 (Spring)},
 year = {1963},
 location = {Detroit, Michigan},
 pages = {329--346},
 numpages = {18},
 url = {http://doi.acm.org/10.1145/1461551.1461591},
 doi = {10.1145/1461551.1461591},
 acmid = {1461591},
 publisher = {ACM},
 address = {New York, NY, USA},
}

@techreport{Boshernitsan:CSD-04-1368,
    Author = {Boshernitsan, Marat and Downes, Michael S.},
    Title = {Visual Programming Languages: a Survey},
    Institution = {EECS Department, University of California, Berkeley},
    Year = {2004},
    Month = {Dec},
    URL = {http://www2.eecs.berkeley.edu/Pubs/TechRpts/2004/6201.html},
    Number = {UCB/CSD-04-1368},
    Abstract = {Over the past ten years, frequent increases in computer processing speed and graphics display capabilities have made possible a great deal of research and experimentation in the field of visual programming languages. A variety of different design methodologies have arisen from these research efforts, and numerous visual programming systems have been developed to address both specific application areas, such as user interface design and physical simulation, and more general programming tasks. We present a survey of the field of visual programming languages beginning with an historical overview of some of the pioneering efforts in the field. In addition, we present different classifications of visual programming languages, touch on implementation and design issues, and discuss efforts to formalize the theoretical basis for visual languages. We also discuss and examine a variety of the more important projects in the field over the last few years.}
}

@article {Scratch,
	title = {Scratch: Programming for all},
	journal = {Communications of the ACM},
	volume = {52},
	number = {11},
	year = {2009},
	pages = {60-67},	
	url = {http://cacm.acm.org/magazines/2009/11/48421-scratch-programming-for-all/pdf},
	author = {Mitchel Resnick and John Maloney and Andres Monroy-Hernandez and Natalie Rusk and Evelyn Eastmond and Karen Brennan}
}

@article{AppInventor,
  author = {Pokress, Shaileen Crawford and Veiga, José Juan Dominguez},
  url = {http://arxiv.org/abs/1310.2830},
  journal = {PRoMoTo 2013 Proceedings},
  title = {MIT App Inventor: Enabling Personal Mobile Computing.},
  year = {2013},
  month = {Oct}
}

@phdthesis{Smith:1975:PCP:907074,
 author = {Smith, David Canfield},
 title = {Pygmalion: A Creative Programming Environment.},
 year = {1975},
 note = {AAI7525608},
 publisher = {Stanford University},
 address = {Stanford, CA, USA},
} 

@MISC{RFC2616,
  author = {Fielding, R. and Gettys, J. and Mogul, J. and Frystyk, H. and Masinter, L. and Leach, P. and Berners-Lee, T.},
  title = {Hypertext Transfer Protocol -- HTTP/1.1},
  year = 1999,
  url = {https://www.ietf.org/rfc/rfc2616.txt},
  urldate = {2018-08-17}
}

@MISC{HobbitACIN,
  author = {Automation and Control Institute, TU Wien},
  title = {{HOBBIT} The Mutual Care Robot},
  url = {https://www.acin.tuwien.ac.at/vision-for-robotics/roboter/hobbit/},
  urldate = {2018-08-17}
}

@MISC{BlocklyBlockWiki,
  author = {Neil Fraser},
  title = {Blockly Block Wiki},
  url = {https://github.com/google/blockly/wiki},
  urldate = {2018-11-07}
}

@MISC{WikiROS,
  title = {ROS Documentation},
  url = {http://wiki.ros.org/},
  urldate = {2018-09-28}
}

@MISC{SmachROS,
  author = {Jonathan Bohren},
  title = {smach - ROS Wiki: Package Summary},
  url = {http://wiki.ros.org/smach},
  urldate = {2018-09-10}
}

@MISC{BlocklyIntro,
  title = {Introduction to Blockly},
  url = {https://developers.google.com/blockly/guides/overview},
  urldate = {2018-09-10}
}

@MISC{BlocklyAPI,
  title = {API documentation for the JavaScript library used to create webpages with Blockly},
  url = {https://developers.google.com/blockly/reference/overview#javascript_library_apis},
  urldate = {2018-09-13}
}

@MISC{BlocklyCustomBlocks,
  title = {Custom Blocks},
  url = {https://developers.google.com/blockly/guides/create-custom-blocks/overview},
  urldate = {2018-09-13}
}

@MISC{ER4STEMACIN,
  author = {Automation and Control Institute, TU Wien},
  title = {{ER4STEM} Educational Robotics for STEM},
  url = {https://www.acin.tuwien.ac.at/project/er4stem/},
  urldate = {2018-08-17}
}

@MISC{DIN13,
  author = {{DIN 13 Teil 19}},
  title = {{Metrisches ISO-Gewinde allgemeiner Anwendung - Teil 19: Nennprofile}},
  year = {1999},
  number = {DIN 13 Teil 19},
  publisher = {Beuth Verlag GmbH},
  type = {Norm}
}

@MISC{DIN4032,
  author = {{DIN EN ISO 4032}},
  title = {{Sechskantmuttern, Typ 1 - Produktklassen A und B (ISO 4032:1999)}},
  year = {2001},
  number = {DIN EN ISO 4032},
  publisher = {Beuth Verlag GmbH},
  type = {Norm}
}

@BOOK{Gross:07,
  title = {Technische Mechanik},
  publisher = {Springer-Verlag},
  year = {2007},
  author = {D. Gross AND W. Hauger AND J. Schr{\"o}der AND W. A. Wall},
  volume = {2 - Elastostatik},
  address = {Berlin}
}

@PHDTHESIS{Heeg:07,
  author = {Heeg, Roland},
  title = {{Modellierung und Dickenregelung beim Warmwalzen}},
  school = {Universit{\"a}t des Saarlandes},
  year = {2007}
}

@MASTERSTHESIS{Heeg:02,
  author = {R. Heeg},
  title = {{S}ystemtheoretische {A}nalyse des {A}utomatisierungssystems eines
	{Q}uarto-{R}eversier-{W}alzger{\"u}stes},
  school = {Universit{\"a}t des Saarlandes},
  year = {2002},
  type = {Diplomarbeit},
  institution = {Universit{\"a}t des Saarlandes}
}

@MANUAL{Ansys:07,
  title = {Documentation for \textsc{ANSYS} Release 11.0},
  author = {\textsc{ANSYS} Inc.},
  address = {Canonsburg},
  year = {2007},
  source = {www.ansys.com}
}

@BOOK{Kemmetmueller:08,
  title = {Mathematical Modeling and Nonlinear Control of Electrohydraulic and
	Electrorheological Systems},
  publisher = {Shaker Verlag},
  year = {2008},
  editor = {A. Kugi AND K. Schlacher},
  author = {Kemmetm{\"u}ller, Wolfgang},
  address = {Aachen}
}

@BOOK{Kloos:07,
  title = {Schraubenverbindungen},
  publisher = {Springer-Verlag},
  year = {2007},
  author = {K.-H. Kloos AND W. Thomala},
  address = {Berlin}
}

@BOOK{Kopp:99,
  title = {Einf{\"u}hrung in die Umformtechnik},
  publisher = {Wissenschaftsverlag Mainz},
  year = {1999},
  author = {R. Kopp and H. Wiegels},
  address = {Aachen}
}

@TECHREPORT{Koenig:07,
  author = {K{\"o}nig, Thomas},
  title = {{Dokumentation von Messeinrichtungen am Fertigger{\"u}st}},
  institution = {AG der Dillinger H{\"u}ttenwerke},
  year = {2007},
  type = {unver{\"o}ffentlichter Praktikumsbericht}
}

@BOOK{Murrenhoff:05,
  title = {Grundlagen der Fluidtechnik},
  publisher = {Shaker Verlag},
  year = {2005},
  author = {H. Murrenhoff},
  volume = {1},
  address = {Aachen}
}

@INPROCEEDINGS{Philipp:06,
  author = {Markus Philipp AND Alois Strei�elberger},
  title = {Modernising or substituting the finishing stand at {D}illingen},
  booktitle = {CD--Proceedings of the Steel Rolling 2006, $9^{th}$ International
	Conference and $4^{th}$ European Conference},
  year = {2006},
  address = {Paris},
  mont = {June}
}

@BOOK{Schwenzfeier:79,
  title = {Walzwerktechnik},
  publisher = {Springer-Verlag},
  year = {1979},
  author = {W. Schwenzfeier},
  address = {Wien}
}

@TECHREPORT{xxSMS:02,
  author = {SMS},
  title = {{G}robblechwalzwerk {II} -- {M}odernisierung des \unit{4{,}8}{\metre}
	{F}ertigger{\"u}stes der {D}illinger {H}{\"u}tte},
  institution = {SMS Demag AG},
  year = {2002},
  type = {unver{\"o}ffentlichter Forschungsbericht},
  key = {SMS Demag AG},
  keywords = {SMS}
}

@BOOK{Spurk:07,
  title = {Str{\"o}mungslehre},
  publisher = {Springer-Verlag},
  year = {2007},
  author = {Spurk, Joseph H. AND Aksel, Nuri},
  address = {Berlin}
}

@BOOK{Truckenbrodt:96,
  title = {Fluidmechanik},
  publisher = {Springer-Verlag},
  year = {1996},
  author = {E. Truckenbrodt},
  volume = {1},
  address = {Berlin}
}

@TECHREPORT{xxVAI:02,
  author = {VAI},
  title = {{S}tudie zur {M}odernisierung des \unit{4{,}8}{\metre}-{G}robblech-{F}ertigger{\"u}stes},
  institution = {VA Tech},
  year = {2002},
  type = {unver{\"o}ffentlichter Forschungsbericht},
  key = {VA Tech}
}

@MISC{VDI2230,
  author = {{VDI-Richtlinie 2230}},
  title = {{Systematische Berechnung hochbeanspruchter Schraubenverbindungen
	- Zylindrische Einschraubenverbindungen}},
  year = {2003},
  number = {VDI 2230},
  publisher = {Beuth Verlag GmbH},
  type = {Norm}
}

@BOOK{Huette:07,
  title = {H{\"u}tte. Das Ingenieurwissen},
  publisher = {Springer-Verlag},
  year = {2007},
  editor = {H. Czichos and M. Hennecke and {Akademischer Verein H{\"u}tte e.V.}},
  address = {Berlin}
}

@BOOK{Dubbel:05,
  title = {Dubbel - Taschenbuch f{\"u}r den Maschinenbau},
  publisher = {Springer-Verlag},
  year = {2005},
  editor = {K.-H. Grote and J. Feldhusen},
  address = {Berlin},
  edition = {21}
}

